@book{Gries,
title = "A Logical Approach to Discrete Math",
author = "David Gries and Fred B. Schneider",
edition = "First",
publisher = "Springer-Verlag New York, Inc.",
year = "1993",
}
